<record><leader>00000cas a22000007a 4500</leader><controlfield tag="001">21479835</controlfield><controlfield tag="008">900504d19391939moudn ne      0    0eng d</controlfield><datafield ind1=" " ind2=" " tag="010"><subfield code="a">sn 90061363 </subfield></datafield><datafield ind1=" " ind2=" " tag="040"><subfield code="a">MQN</subfield><subfield code="b">eng</subfield><subfield code="c">MQN</subfield><subfield code="d">OCLCQ</subfield></datafield><datafield ind1=" " ind2=" " tag="042"><subfield code="a">msc</subfield></datafield><datafield ind1="0" ind2="0" tag="245"><subfield code="a">Daily new era.</subfield></datafield><datafield ind1="1" ind2="3" tag="246"><subfield code="a">Daily Rolla new era</subfield></datafield><datafield ind1=" " ind2=" " tag="260"><subfield code="a">Rolla, Phelps County, Mo. :</subfield><subfield code="b">Rolla Newspapers,</subfield><subfield code="c">1939.</subfield></datafield><datafield ind1=" " ind2=" " tag="300"><subfield code="a">v.</subfield></datafield><datafield ind1=" " ind2=" " tag="310"><subfield code="a">Daily (except Sun.)</subfield></datafield><datafield ind1="0" ind2=" " tag="362"><subfield code="a">Vol. 1, no. 1 (Sept. 25, 1939)-v. 1, no. 31 (Oct. 30, 1939).</subfield></datafield><datafield ind1=" " ind2="4" tag="651"><subfield code="a">Rolla (Mo.)</subfield><subfield code="v">Newspapers.</subfield></datafield><datafield ind1=" " ind2=" " tag="752"><subfield code="a">United States</subfield><subfield code="b">Missouri</subfield><subfield code="c">Phelps</subfield><subfield code="d">Rolla.</subfield></datafield><datafield ind1="0" ind2=" " tag="775"><subfield code="t">Rolla new era (Rolla, Mo. : 1929)</subfield><subfield code="w">(DLC)sn 93060098</subfield></datafield><datafield ind1="0" ind2="0" tag="785"><subfield code="t">Rolla new era (Rolla, Mo. : 1939)</subfield><subfield code="w">(DLC)sn 90061364</subfield></datafield><datafield ind1="1" ind2=" " tag="029"><subfield code="a">AU@</subfield><subfield code="b">000025851817</subfield></datafield></record>